@Misc{freeUnreal,
	author = {Tim Sweeney},
	title = {If You Love Something, Set It Free},
	url = {https://www.unrealengine.com/en-US/blog/ue4-is-free},
	lastchecked = {29.05.2018},
}
@Misc{featUnreal,
	author = {Epic Games},
	title = {Unreal Engine Features},
	url = {https://www.unrealengine.com/en-US/features},
	lastchecked = {29.05.2018},
}
@Article{qui, 
	author = "Morgan Quigley and Brian Gerkey",
	title = "ROS: an open-source Robot Operating System",
	journal = "I dont know",
	year = 2010,
}








